%% This BibTeX bibliography file was created using BibDesk.
%% http://bibdesk.sourceforge.net/


%% Created for Galyardt at 2014-08-21 22:49:39 -0400 


%% Saved with string encoding Unicode (UTF-8) 



@misc{SitterCityComplaints,
  title = {SitterCity: Reviews, Complaints, Customer Claims},
  howpublished = {\url{https://www.complaintsboard.com/sittercity-b121546}},
  note = {Accessed: 2023-12-14},
  year = {2023}
}


@misc{SitterCityBackgroundChecks,
  title = {Background check options for sitters},
  howpublished = {\url{https://support.sittercity.com/hc/en-us/articles/115012433328-Background-check-options-for-sitters}},
  note = {Accessed: 2023-12-14},
  year = {2023},
  author = {SitterCity Support}
}
